@article{thestacksproject,
  author = {},
  title  = {The Stacks Project.},
  url    = {https://stacks.math.columbia.edu/tag/00H9}
}

@book{matsumura1989commutative,
  title     = {Commutative ring theory},
  author    = {Matsumura, Hideyuki},
  number    = {8},
  year      = {1989},
  publisher = {Cambridge university press}
}

@misc{liao2022stembridgecodeschowrings,
  title         = {Stembridge codes and Chow rings},
  author        = {Hsin-Chieh Liao},
  year          = {2022},
  eprint        = {2212.05362},
  archiveprefix = {arXiv},
  primaryclass  = {math.CO},
  url           = {https://arxiv.org/abs/2212.05362}
}

@book{collins-1990,
  author    = {Collins, M. J.},
  title     = {Representations and characters of finite groups},
  month     = {3},
  pages     = {34},
  publisher = {Cambridge University Press},
  chapter   = {{General Representation Theory}},
  year      = {1990}
}

@article{fy-2004,
  author  = {Feichtner, Eva Maria and Yuzvinsky, Sergey},
  journal = {Inventiones mathematicae},
  month   = {3},
  number  = {3},
  pages   = {515--536},
  title   = {{Chow rings of toric varieties defined by atomic lattices}},
  volume  = {155},
  year    = {2004},
  doi     = {10.1007/s00222-003-0327-2},
  url     = {https://doi.org/10.1007/s00222-003-0327-2}
}

@misc{angarone2024chowringsmatroidspermutation,
  title         = {Chow Rings of Matroids as Permutation Representations},
  author        = {Robert Angarone and Anastasia Nathanson and Victor Reiner},
  year          = {2024},
  eprint        = {2309.14312},
  archiveprefix = {arXiv},
  primaryclass  = {math.CO},
  url           = {https://arxiv.org/abs/2309.14312}
}

@article{Bra19,
  author  = {Tom Braden and Artem Vysogorets},
  title   = {Kazhdanâ€“Lusztig polynomials of matroids under deletion},
  journal = {Electron. J. Combin.},
  volume  = {27},
  number  = {1},
  year    = {2020},
  pages   = {P1.17}
}

@article{EPW16,
  author  = {Ben Elias and Nicholas Proudfoot and Max Wakefield},
  title   = {The Kazhdan-Lusztig polynomial of a matroid},
  journal = {Adv. Math.},
  volume  = {299},
  year    = {2016},
  pages   = {36--70}
}

@article{KL79,
  author  = {David Kazhdan and George Lusztig},
  title   = {Representations of Coxeter groups and Hecke algebras},
  journal = {Invent. Math.},
  volume  = {53},
  number  = {2},
  year    = {1979},
  pages   = {165--184}
}