@misc{eur2023stellahedralgeometrymatroids,
  title         = {Stellahedral geometry of matroids},
  author        = {Christopher Eur and June Huh and Matt Larson},
  year          = {2023},
  eprint        = {2207.10605},
  archiveprefix = {arXiv},
  primaryclass  = {math.AG},
  url           = {https://arxiv.org/abs/2207.10605}
}

@misc{angarone2024chowringsmatroidspermutation,
  title         = {Chow Rings of Matroids as Permutation Representations},
  author        = {Robert Angarone and Anastasia Nathanson and Victor Reiner},
  year          = {2024},
  eprint        = {2309.14312},
  archiveprefix = {arXiv},
  primaryclass  = {math.CO},
  url           = {https://arxiv.org/abs/2309.14312}
}

@article{Ferroni_2024,
  title     = {Hilbert–Poincaré series of matroid Chow rings and intersection cohomology},
  volume    = {449},
  doi       = {10.1016/j.aim.2024.109733},
  journal   = {Advances in Mathematics},
  publisher = {Elsevier BV},
  author    = {Ferroni, Luis and Matherne, Jacob P. and Stevens, Matthew and Vecchi, Lorenzo},
  year      = {2024},
  month     = jul,
  pages     = {109733}
}

@article{Feichtner_2004,
  title     = {Chow rings of toric varieties defined by atomic lattices},
  volume    = {155},
  issn      = {1432-1297},
  url       = {http://dx.doi.org/10.1007/s00222-003-0327-2},
  number    = {3},
  journal   = {Inventiones Mathematicae},
  publisher = {Springer Science and Business Media LLC},
  author    = {Feichtner, Eva Maria and Yuzvinsky, Sergey},
  year      = {2004},
  month     = mar,
  pages     = {515–536}
}

@misc{liao2024chowringsaugmentedchow,
  title         = {Chow rings and augmented Chow rings of uniform matroids and their $q$-analogs},
  author        = {Hsin-Chieh Liao},
  year          = {2024},
  eprint        = {2406.19660},
  archiveprefix = {arXiv},
  primaryclass  = {math.CO},
  url           = {https://arxiv.org/abs/2406.19660}
}

@article{adiprasito-2018,
  author  = {Adiprasito, Kareem and Huh, June and Katz, Eric},
  journal = {Annals of Mathematics},
  month   = {8},
  number  = {2},
  title   = {{Hodge theory for combinatorial geometries}},
  volume  = {188},
  year    = {2018},
  doi     = {10.4007/annals.2018.188.2.1},
  url     = {https://doi.org/10.4007/annals.2018.188.2.1}
}